% This file was created with JabRef 2.4.2.
% Encoding: Cp1252

@ARTICLE{Allen2000,
  author = {Philip J. Allen and Oliver Josephs and Robert Turner},
  title = {A Method for Removing Imaging Artifact from Continuous {EEG} Recorded
	during Functional {MRI}},
  journal = {NeuroImage},
  year = {2000},
  volume = {12},
  pages = {230-239},
  file = {Allen_NI2000_fMRI_EEG_Method.pdf:Allen_NI2000_fMRI_EEG_Method.pdf:PDF},
  keywords = {EEG, fMRI, artefact correction, ballistocardiogram artefact,},
  owner = {chrisp},
  timestamp = {2006.10.26}
}

@ARTICLE{Debener2008,
  author = {Stefan Debener and Karen J Mullinger and Rami K Niazy and Richard
	W Bowtell},
  title = {Properties of the ballistocardiogram artefact as revealed by {EEG}
	recordings at 1.5, 3 and 7 {T} static magnetic field strength.},
  journal = {Int J Psychophysiol},
  year = {2008},
  volume = {67},
  pages = {189--199},
  number = {3},
  month = {March},
  doi = {10.1016/j.ijpsycho.2007.05.015},
  file = {Debener,ClinNeurophysiol,2007.pdf:Debener,ClinNeurophysiol,2007.pdf:PDF},
  keywords = {EEG, fMRI, ballistocardiogram artefact, artefact correction},
  owner = {chrisp},
  pii = {S0167-8760(07)00158-4},
  pmid = {17683819},
  timestamp = {2008.02.12},
  url = {http://dx.doi.org/10.1016/j.ijpsycho.2007.05.015}
}

@ARTICLE{Delorme2004,
  author = {Arnaud Delorme and Scott Makeig},
  title = {{EEGLAB}: an open source toolbox for analysis of single-trial {EEG}
	dynamics},
  journal = {Journal of Neuroscience Methods},
  year = {2004},
  volume = {134},
  pages = {9--21},
  doi = {http://dx.doi.org/10.1016/j.jneumeth.2003.10.009},
  file = {:Delorme2004.pdf:PDF},
  keywords = {EEG, ICA},
  owner = {chrisp},
  timestamp = {2009.06.12}
}

@ARTICLE{Iannetti2005a,
  author = {G. D. Iannetti and R. K. Niazy and R. G. Wise and P. Jezzard and
	J. C W Brooks and L. Zambreanu and W. Vennart and P. M. Matthews
	and I. Tracey},
  title = {Simultaneous recording of laser-evoked brain potentials and continuous,
	high-field functional magnetic resonance imaging in humans.},
  journal = {Neuro{I}mage},
  year = {2005},
  volume = {28},
  pages = {708--719},
  number = {3},
  month = {Nov},
  doi = {10.1016/j.neuroimage.2005.06.060},
  file = {:Iannetti2005a.pdf:PDF},
  keywords = {pain, EEG, fMRI, brain dynamics},
  owner = {chrisp},
  pii = {S1053-8119(05)00468-4},
  pmid = {16112589},
  timestamp = {2007.10.22},
  url = {http://dx.doi.org/10.1016/j.neuroimage.2005.06.060}
}

@ARTICLE{Leclercq2009,
  author = {Yves Leclercq and Evelyne Balteau and Thanh Dang-Vu and Manuel Schabus
	and Andr\'e Luxen and Pierre Maquet and Christophe Phillips},
  title = {Rejection of pulse related artefact ({PRA}) from continuous electroencephalographic ({EEG}) time series recorded during functional magnetic resonance imaging (f{MRI}) using constraint independent component analysis	(c{ICA}).},
  journal = {Neuro{I}mage},
  year = {2009},
  volume = {44},
  pages = {679--691},
  number = {3},
  doi = {10.1016/j.neuroimage.2008.10.017},
  file = {:Leclercq2009.pdf:PDF},
  institution = {Cyclotron Research Centre, University of Liege, Belgium.},
  keywords = {ballistocardiogram artefact, artefact correction, EEG, fMRI, ICA,
	CRC},
  owner = {chrisp},
  pii = {S1053-8119(08)01108-7},
  pmid = {19015033},
  timestamp = {2009.01.23},
  url = {http://dx.doi.org/10.1016/j.neuroimage.2008.10.017}
}

@MISC{CRCtb,
  author = {Yves Leclercq and Pierre Maquet and Quentin Noirhomme and Christian
	Degueldre and Evelyne Balteau and Andrea Soddu and Jessica Schrouff and Mohamed Bahri and
	Christophe Phillips},
  title = {{fMRI Artefact rejection and Sleep Scoring Toolbox (FASST)}},
  howpublished = {http://www.montefiore.ulg.ac.be/\~{}phillips/FASST.html},
  year = {2009},
  note = {Cyclotron Research Centre, University of Li\`ege, Belgium},
  address = {{B30, University of Li\`ege, Belgium}},
  keywords = {software, CRC},
  organization = {{Cyclotron Research Centre}},
  owner = {cp},
  timestamp = {2006.10.05},
  url = {{http://www.montefiore.ulg.ac.be/~phillips/FASST.html}}
}

@MISC{SPM8,
  author = {{Members and collaborators of the Wellcome Trust Centre for Neuroimaging}},
  title = {Statistical {P}arametric {M}apping, {SPM8}},
  howpublished = {http://www.fil.ion.ucl.ac.uk/spm},
  year = {2008},
  note = {Wellcome Trust Centre for Neuroimaging, University College London,
	UK},
  keywords = {statistical map, software, FIL,},
  owner = {cp},
  timestamp = {2006.10.05},
  url = {http://www.fil.ion.ucl.ac.uk/spm}
}

@MISC{matlabbatch,
  author = {Volkmar Glauche},
  title = {{MATLAB} batch system},
  howpublished = {http://sourceforge.net/projects/matlabbatch/},
  url = {http://sourceforge.net/projects/matlabbatch/}
}

@MISC{FMRIBplugin,
  author = {Rami K. Niazy},
  title = {{FMRIB plug-in for EEGLAB}},
  howpublished = {http://users.fmrib.ox.ac.uk/\~{}rami/fmribplugin/ },
  year = {2006},
  note = {Centre for Functional MRI of the Brain (FMRIB), University of Oxford,
	UK},
  address = {University of Oxford, UK},
  keywords = {software},
  organization = {Centre for Functional MRI of the Brain (FMRIB)},
  owner = {cp},
  timestamp = {2006.10.05},
  url = {http://users.fmrib.ox.ac.uk/~rami/fmribplugin}
}

@ARTICLE{Niazy2005,
  author = {R. K. Niazy and C. F. Beckmann and G. D. Iannetti and J. M. Brady
	and S. M. Smith},
  title = {Removal of f{MRI} environment artifacts from {EEG} data using optimal
	basis sets.},
  journal = {Neuro{I}mage},
  year = {2005},
  volume = {28},
  pages = {720--737},
  number = {3},
  month = {Nov},
  doi = {10.1016/j.neuroimage.2005.06.067},
  file = {sNiazy_NI2005_fMRIBobs.pdf:sNiazy_NI2005_fMRIBobs.pdf:PDF},
  keywords = {EEG, fMRI, ballistocardiogram artefact, artefact correction,},
  owner = {cp},
  pii = {S1053-8119(05)00472-6},
  pmid = {16150610},
  timestamp = {2006.10.05},
  url = {http://dx.doi.org/10.1016/j.neuroimage.2005.06.067}
}

@MISC{Fieldtrip,
  author = {Robert Oostenveld and Jan-Mathijs Schoffelen and Eric Maris and Pascal
	Fries and Ole Jensen},
  title = {Fieldtrip toolbox for {EEG}/{MEG}-analysis},
  howpublished = {http://www.ru.nl/neuroimaging/fieldtrip},
  year = {2009},
  note = {Donders Institute for Brain, Cognition and Behaviour, Radboud University
	Nijmegen, the Netherlands},
  keywords = {EEG, MEG, software},
  owner = {chrisp},
  timestamp = {2009.10.13},
  url = {http://www.ru.nl/neuroimaging/fieldtrip}
}

@MISC{Phillips2006,
  author = {Christophe Phillips and G\'erald Thielen and Pierre Maquet},
  title = {Iteratively applied {ICA} to reject ballistocardiogram artefact of
	{EEG} data acquired during sleep {fMRI}.},
  howpublished = {Abstract of the Human Brain Mapping conference},
  month = {June},
  year = {2006},
  owner = {chrisp},
  timestamp = {2009.06.08}
}

@ARTICLE{Peng2005,
  author = {Hanchuan Peng and Fuhui Long and Chris Ding},
  title = {Feature selection based on mutual information: criteria of max-dependency,
	max-relevance, and min-redundancy},
  journal = {IEEE Transactions on Pattern Analysis and Machine Intelligence},
  year = {2005},
  volume = {27},
  pages = {1226--1238},
  number = {8},
  owner = {Christophe},
  timestamp = {2010.05.19},
  url = {http://penglab.janelia.org/proj/mRMR/}
}

@ARTICLE{Massimini2004,
  author = {Marcello Massimini and Reto Huber and Fabio Ferrarelli and Sean Hill
	and Giulio Tononi},
  title = {The sleep slow oscillation as a traveling wave.},
  journal = {J Neurosci},
  year = {2004},
  volume = {24},
  pages = {6862--6870},
  number = {31},
  month = {Aug},
  doi = {10.1523/JNEUROSCI.1318-04.2004},
  institution = {Department of Psychiatry, University of Wisconsin-Madison, Madison,
	Wisconsin 53719, USA.},
  keywords = {sleep},
  owner = {Christophe},
  pii = {24/31/6862},
  pmid = {15295020},
  timestamp = {2010.05.20},
  url = {http://dx.doi.org/10.1523/JNEUROSCI.1318-04.2004}
}

@ARTICLE{Leclercq2011,
  author = {Yves Leclercq and Jessica Schrouff and Quentin Noirhomme and Pierre Maquet and
Christophe Phillips},
  title = {{fMRI} {A}rtefact rejection and {S}leep {S}coring {T}oolbox.},
  journal = {Computational Intelligence and Neuroscience},
  year = {2011},
  volume = {2011},
  pages = {11},
  url = {http://www.hindawi.com/journals/cin/2011/598206/}
}

@ARTICLE{Litvak2011,
  author = {Vladimir Litvak and Jeremie Mattout and Stefan Kiebel and Christophe
	Phillips and Richard Henson and James Kilner and Gareth Barnes and
	Robert Oostenveld and Jean Daunizeau and Guillaume Flandin and Will
	Penny and Karl Friston},
  title = {{EEG} and {MEG} data analysis in {SPM8}.},
  journal = {Computational Intelligence and Neuroscience},
  year = {2011},
  volume = {2011},
  pages = {32},
  url = {http://dx.doi.org/10.1155/2011/852961}
}

@ARTICLE{Delorme2011,
  author = {Arnaud Delorme and Tim Mullen and Christian Kothe and Zeynep Akalin
	Acar and Nima Bigdely-Shamlo and Andrey Vankov and Scott Makeig},
  title = {{EEGLAB}, {SIFT}, {NFT}, {BCILAB}, and {ERICA}: {New} {T}ools for {A}dvanced {EEG}
	{P}rocessing.},
  journal = {Computational Intelligence and Neuroscience},
  year = {2011},
  volume = {2011},
  pages = {12},
  url = {http://dx.doi.org/10.1155/2011/130714}
}

@ARTICLE{Oostenveld2011,
  author = {Robert Oostenveld and Pascal Fries and Eric Maris and Jan-Mathijs
	Schoffelen},
  title = {{FieldTrip}: Open source software for advanced analysis of {MEG}, {EEG},
	and invasive electrophysiological data.},
  journal = {Computational Intelligence and Neuroscience},
  year = {2011},
  volume = {2011},
  pages = {9},
  doi = {10.1155/2011/156869},
  institution = {Donders Institute for Brain, Cognition and Behaviour, Centre for
	Cognitive Neuroimaging, Radboud University Nijmegen, The Netherlands.
	r.oostenveld@donders.ru.nl},
  url = {http://dx.doi.org/10.1155/2011/156869}
}

@ARTICLE{Moelle2002,
  author = {Matthias M\"{o}lle and Lisa Marshall and Steffen Gais and Jan Born},
  title = {Grouping of spindle activity during slow oscillations in human non-rapid eye movement sleep.},
  journal = {J Neurosci},
  year = {2002},
  volume = {22},
  pages = {10941--10947},
  number = {24},
  month = {Dec}
}

@MISC{EDF,
  author = {Bob Kemp},
  title = {European {D}ata {F}ormat},
  howpublished = {http://www.edfplus.info/},
  url = {http://www.edfplus.info/}
}

@ARTICLE{Kemp2003,
  author = {Bob Kemp and Jesus Olivan},
  title = {European data format `plus' ({EDF+}), an {EDF} alike standard format
	for the exchange of physiological data.},
  journal = {Clin Neurophysiol},
  year = {2003},
  volume = {114},
  pages = {1755--1761},
  number = {9},
}

@ARTICLE{Kemp1992,
  author = {B. Kemp and A. Varri and A. C. Rosa and K. D. Nielsen and J. Gade},
  title = {A simple format for exchange of digitized polygraphic recordings.},
  journal = {Electroencephalogr Clin Neurophysiol},
  year = {1992},
  volume = {82},
  pages = {391--393},
  number = {5},
  month = {May},
}
